<?xml version="1.0" encoding="UTF-8"?><collection xmlns="http://www.loc.gov/MARC21/slim"><record><leader>00495nam--2200133-i-4500</leader><controlfield tag="001">000019110</controlfield><controlfield tag="002">20161230</controlfield><controlfield tag="005">20161230201033</controlfield><controlfield tag="008">060222s1000------------r-----000-0-eng-d</controlfield><datafield ind1=" " ind2=" " tag="080"><subfield code="a">621.382</subfield></datafield><datafield ind1=" " ind2=" " tag="245"><subfield code="a">Conference on power applications of controllable semiconductor devices, 10-11 november 1965 held at the institution of electrical engineers, savoy place, london w.c. 2</subfield></datafield><datafield ind1=" " ind2=" " tag="260"><subfield code="a">London, The Institution Of Electrical Engineers, 1965. 256 P</subfield></datafield><datafield ind1=" " ind2=" " tag="490"><subfield code="a">Conference Publication</subfield></datafield><datafield ind1=" " ind2=" " tag="852"><subfield code="a">30080</subfield></datafield></record></collection>